%% published version
@Article{hac:Zeileis:2004a,
  author	= {Achim Zeileis},
  title		= {Econometric Computing with {HC} and {HAC} Covariance Matrix Estimators},
  year		= {2004},
  journal	= {Journal of Statistical Software},
  volume	= {11},
  number	= {10},
  pages		= {1--17},
  url		= {http://www.jstatsoft.org/v11/i10/}
}

%% HC

@Article{hac:Eicker:1963,
  author	= {F. Eicker},
  title		= {Asymptotic Normality and Consistency of the Least Squares
		   Estimator for Families of Linear Regressions},
  journal	= {Annals of Mathematical Statistics},
  year		= {1963},
  volume	= {34},
  pages		= {447--456},
  keywords	= {heteroskedasticity, covariance estimation, HC}
}

@InProceedings{hac:Huber:1967,
  author	= {P. J. Huber},
  title		= {The Behavior of Maximum Likelihood Estimation Under
  		   Nonstandard Conditions},
  editor	= {L. M. LeCam and J. Neyman},
  booktitle	= {Proceedings of the Fifth {B}erkeley Symposium on Mathematical
  		   Statistics and Probability},
  year		= {1967},
  address	= {Berkeley, CA},
  publisher	= {University of California Press}
} 

@Article{hac:White:1980,
  author	= {Halbert White},
  title		= {A Heteroskedasticity-Consistent Covariance Matrix and a
                   Direct Test for Heteroskedasticity},
  journal	= {Econometrica},
  year		= {1980},
  volume	= {48},
  pages		= {817--838},
  keywords	= {heteroskedasticity, covariance estimation, HC}
}

@Article{hac:MacKinnon+White:1985,
  author	= {James G. MacKinnon and Halbert White},
  title		= {Some Heteroskedasticity-Consistent Covariance Matrix
                   Estimators with Improved Finite Sample Properties},
  journal	= {Journal of Econometrics},
  year		= {1985},
  volume	= {29},
  pages		= {305--325},
}

@Article{hac:Long+Ervin:2000,
  author	= {J. Scott Long and Laurie H. Ervin},
  title		= {Using Heteroscedasticity Consistent Standard Errors
  		   in the Linear Regression Model},
  journal	= {The American Statistician},
  volume	= {54},
  year		= {2000},
  pages		= {217--224}
}

@Article{hac:Cribari-Neto:2004,
  author	= {Francisco Cribari-Neto},
  title		= {Asymptotic Inference Under Heteroskedasticity of Unknown Form},
  journal	= {Computational Statistics \& Data Analysis},
  year		= {2004},
  volume	= {45},
  pages		= {215--233},
}


%% HAC

@Article{hac:White+Domowitz:1984,
  author	= {Halbert White and Ian Domowitz},
  title		= {Nonlinear Regression with Dependent Observations},
  year		= {1984},
  pages		= {143--161},
  journal	= {Econometrica},
  volume	= {52},
}

@Article{hac:Newey+West:1987,
  author	= {Whitney K. Newey and Kenneth D. West},
  title		= {A Simple, Positive-Definite, Heteroskedasticity and
  		   Autocorrelation Consistent Covariance Matrix},
  year		= {1987},
  pages		= {703--708},
  journal	= {Econometrica},
  volume	= {55},
}

@Article{hac:Newey+West:1994,
  author	= {Whitney K. Newey and Kenneth D. West},
  title		= {Automatic Lag Selection in Covariance Matrix Estimation},
  year		= {1994},
  pages		= {631--653},
  journal	= {Review of Economic Studies},
  volume	= {61},
}

@Article{hac:Andrews:1991,
  author	= {Donald W. K. Andrews},
  title		= {Heteroskedasticity and Autocorrelation Consistent Covariance
  		   Matrix Estimation},
  year		= {1991},
  pages		= {817--858},
  journal	= {Econometrica},
  volume	= {59},
}

@Article{hac:Andrews+Monahan:1992,
  author	= {Donald W. K. Andrews and J. Christopher Monahan},
  title		= {An Improved Heteroskedasticity and Autocorrelation Consistent Covariance
  		   Matrix Estimator},
  year		= {1992},
  pages		= {953--966},
  journal	= {Econometrica},
  volume	= {60},
  number	= {4},
}

@Article{hac:Lumley+Heagerty:1999,
  author	= {Thomas Lumley and Patrick Heagerty},
  title		= {Weighted Empirical Adaptive Variance Estimators for
  		   Correlated Data Regression},
  year		= {1999},
  pages		= {459--477},
  journal	= {Journal of the Royal Statistical Society B},
  volume	= {61},
}


%% general econometrics and data
@Book{hac:Greene:1993,
  author	= {William H. Greene},
  title		= {Econometric Analysis},
  year		= {1993},
  publisher	= {Macmillan Publishing Company},
  address	= {New York},
  edition	= {2nd},
}

@Book{Z:White:1994,
  author        = {Halbert White},
  title         = {Estimation, Inference and Specification Analysis},
  publisher     = {Cambridge University Press},
  year          = {1994}
}

@Book{hac:White:2000,
  author        = {Halbert White},
  title         = {Asymptotic Theory for Econometricians},
  publisher     = {Academic Press},
  address	= {New York},
  edition	= {Revised},
  year          = {2000},
}

@Article{hac:Bai+Perron:2003,
  author	= {Jushan Bai and Pierre Perron},
  title		= {Computation and Analysis of Multiple Structural Change
  		   Models},
  journal	= {Journal of Applied Econometrics},
  year		= {2003},
  volume	= {18},
  pages		= {1--22},
}



%% structural change tests

@Article{hac:Andrews:1993,
  author	= {Donald W. K. Andrews},
  title		= {Tests for Parameter Instability and Structural Change With
		   Unknown Change Point},
  journal	= {Econometrica},
  year		= {1993},
  volume	= {61},
  pages		= {821--856},
}

@Article{hac:Ploberger+Kraemer:1992,
  author	= {Werner Ploberger and Walter Kr{\"a}mer},
  title		= {The {CUSUM} Test With {OLS} Residuals},
  index		= {Z0004},
  journal	= {Econometrica},
  year		= {1992},
  volume	= {60},
  pages		= {271--285},
}


%% R and packages

@Manual{hac:R:2004,
  title        = {\textsf{R}: {A} Language and Environment for Statistical Computing},
  author       = {{\textsf{R} Development Core Team}},
  organization = {\textsf{R} Foundation for Statistical Computing},
  address      = {Vienna, Austria},
  year         = {2004},
  note         = {{ISBN} 3-900051-00-3},
  url          = {http://www.R-project.org/}
}

@Article{hac:Cribari-Neto+Zarkos:1999,
  author       = {Francisco Cribari-Neto and Spyros G. Zarkos},
  title	       = {\textsf{R}: Yet Another Econometric Programming
                  Environment},
  journal      = {Journal of Applied Econometrics},
  year	       = 1999,
  volume       = 14,
  pages	       = {319--329},
}

@Article{hac:Racine+Hyndman:2002,
  author	= {Jeff Racine and Rob Hyndman},
  title		= {Using \textsf{R} to Teach Econometrics},
  journal	= {Journal of Applied Econometrics},
  year		= {2002},
  volume	= {17},
  pages		= {175--189}
}

@Article{hac:Cribari-Neto+Zarkos:2003,
  author       = {Francisco Cribari-Neto and Spyros G. Zarkos},
  title	       = {Econometric and Statistical Computing Using \textsf{Ox}},
  journal      = {Computational Economics},
  year	       = {2003},
  volume       = {21},
  pages	       = {277--295},
}

@Book{hac:Fox:2002,
  author	= {John Fox},
  title		= {An \textsf{R} and \textsf{S-PLUS} Companion to
  		   Applied Regression},
  publisher	= {Sage Publications},
  address	= {Thousand Oaks, CA},
  year		= {2002},
}

@Article{hac:Zeileis+Leisch+Hornik:2002,
  author	= {Achim Zeileis and Friedrich Leisch and Kurt Hornik and
                   Christian Kleiber},
  title		= {\pkg{strucchange}: {A}n \textsf{R} Package for Testing
                   for Structural Change in Linear Regression Models},
  journal      = {Journal of Statistical Software},
  year         = {2002},
  volume       = {7},
  number       = {2},
  pages        = {1--38},
  url		= {http://www.jstatsoft.org/v07/i02/}
}

@Article{hac:Zeileis+Hothorn:2002,
  author       = {Achim Zeileis and Torsten Hothorn},
  title        = {Diagnostic Checking in Regression Relationships},
  journal      = {\textsf{R} News},
  year         = 2002,
  volume       = {2},
  number       = {3},
  pages        = {7--10},
  month        = {December},
  url          = {http://CRAN.R-project.org/doc/Rnews/},
}

@TechReport{hac:Zeileis:2004,
  author	= {Achim Zeileis},
  title		= {Implementing a Class of Structural Change Tests: {A}n Econometric Computing Approach},
  institution	= {Department of Statistics and Mathematics, 
                   Wirtschaftsuniversit\"at Wien,
		   Research Report Series},
  year		= {2004},
  type		= {Report},
  number	= {7},
  month	        = {July},
  url		= {http://epub.wu-wien.ac.at/}
}

@Article{hac:Zeileis+Kleiber:2004,
  author	= {Achim Zeileis and Christian Kleiber},
  title		= {Validating Multiple Structural Change Models -- {A} Case Study},
  journal	= {Journal of Applied Econometrics},
  year		= {2004},
  note		= {Forthcoming},
}

